<record><leader>00000cas a22000007a 4500</leader><controlfield tag="001">15561459</controlfield><controlfield tag="008">870421d19511967inuwr ne      0    0eng d</controlfield><datafield ind1=" " ind2=" " tag="010"><subfield code="a">sn 87055740 </subfield></datafield><datafield ind1=" " ind2=" " tag="040"><subfield code="a">NPI</subfield><subfield code="b">eng</subfield><subfield code="c">NPI</subfield><subfield code="d">OCLCQ</subfield></datafield><datafield ind1=" " ind2=" " tag="042"><subfield code="a">msc</subfield></datafield><datafield ind1="0" ind2=" " tag="130"><subfield code="a">Record (South Bend, Ind.)</subfield></datafield><datafield ind1="1" ind2="4" tag="245"><subfield code="a">The record.</subfield></datafield><datafield ind1=" " ind2=" " tag="260"><subfield code="a">South Bend, Ind. :</subfield><subfield code="b">Record Press Corp.,</subfield><subfield code="c">1951-</subfield></datafield><datafield ind1=" " ind2=" " tag="310"><subfield code="a">Weekly</subfield></datafield><datafield ind1="0" ind2=" " tag="362"><subfield code="a">Vol. 47, no. 8 [i.e. 1] (Jan. 19, 1951)-</subfield></datafield><datafield ind1="1" ind2=" " tag="362"><subfield code="a">Ceased with June 16, 1967 issue?</subfield></datafield><datafield ind1=" " ind2=" " tag="752"><subfield code="a">United States</subfield><subfield code="b">Indiana</subfield><subfield code="c">Saint Joseph</subfield><subfield code="d">South Bend.</subfield></datafield><datafield ind1="0" ind2="0" tag="780"><subfield code="t">Mirror (South Bend, Ind.)</subfield><subfield code="w">(DLC)sn 87055742</subfield></datafield><datafield ind1="0" ind2="7" tag="785"><subfield code="t">Mishawaka enterprise (Mishawaka, Ind. : 1854)</subfield><subfield code="w">(DLC)sn 84037951</subfield><subfield code="w">(OCoLC)11165841</subfield></datafield><datafield ind1="0" ind2="7" tag="785"><subfield code="t">Enterprise-record</subfield><subfield code="w">(DLC)sn 87055784</subfield></datafield></record>